
@article{nelson1987,
	title = {Parsimonious {Modeling} of {Yield} {Curves}},
	volume = {60},
	issn = {0021-9398, 1537-5374},
	url = {https://www.jstor.org/stable/2352957},
	doi = {10.1086/296409},
	language = {en},
	number = {4},
	urldate = {2025-03-29},
	journal = {The Journal of Business},
	author = {Nelson, Charles R. and Siegel, Andrew F.},
	month = jan,
	year = {1987},
	pages = {473},
}

@book{koop2010,
	address = {Chichester},
	edition = {Reprinted with corr., [Nachdr.]},
	title = {Bayesian econometrics},
	isbn = {978-0-470-84567-7},
	language = {eng},
	publisher = {Wiley},
	author = {Koop, Gary},
	year = {2010}
}

@article{diebold2006forecasting,
  author    = {Francis X. Diebold and Canlin Li},
  title     = {Forecasting the term structure of government bond yields},
  journal   = {Journal of Econometrics},
  year      = {2006},
  volume    = {130},
  number    = {2},
  pages     = {337--364}
}
@book{koop2010bayesian,
  title={Bayesian Econometrics},
  author={Koop, Gary},
  year={2010},
  publisher={John Wiley \& Sons}
}

@article{diebold2006macroeconomy,
  title={The Macroeconomy and the Yield Curve},
  author={Diebold, Francis X and Rudebusch, Glenn D and Aruoba, S. Boragan},
  journal={Journal of Econometrics},
  volume={131},
  number={1-2},
  pages={309--338},
  year={2006},
  publisher={Elsevier}
}
